<?xml version="1.0" encoding="UTF-8"?><collection xmlns="http://www.loc.gov/MARC21/slim"><record><leader>00425nam--2200133-i-4500</leader><controlfield tag="001">000023751</controlfield><controlfield tag="002">20161230</controlfield><controlfield tag="005">20161230201035</controlfield><controlfield tag="008">060222s1000------------r-----000-0-eng-d</controlfield><datafield ind1=" " ind2=" " tag="080"><subfield code="a">621.384.633(061.3)</subfield></datafield><datafield ind1=" " ind2=" " tag="245"><subfield code="a">Seventh international conference on cyclotrons and heir applicataions zurich, switzerland, 19-22 august 1975</subfield></datafield><datafield ind1=" " ind2=" " tag="260"><subfield code="a">Basel, Birkhauser Verlag, 1975, 655p</subfield></datafield><datafield ind1=" " ind2=" " tag="490"><subfield code="a">Experientia Supplementum</subfield></datafield><datafield ind1=" " ind2=" " tag="852"><subfield code="a">45490</subfield></datafield></record></collection>